@misc{chessrulessakkhu,
  author = {Sakk.hu},
  title = {{Sakk szabályok}},
  howpublished = "\url{http://www.sakk.hu/help/sakk_szabalyok.html}",
  year = {2008}, 
  note = "[Online; Megtekintve: 2018 szeptember 4]"
}
@BOOK{bevMiHu,
AUTHOR="Fekete István, Gregorics Tibor, Nagy Sára",
TITLE="Bevezetés a mesterséges intelligenciába",
PUBLISHER="ELTE Eötvös Kiadó",
YEAR="2006",
}
@misc{shannonnumber,
  author = {Wikipedia},
  title = {{Shannon-number}},
  howpublished = "\url{https://en.wikipedia.org/wiki/Shannon_number}",
  year = {2018}, 
  note = "[Online; Megtekintve: 2018 szeptember 30.]"
}
@misc{averageLengthOfChessGame,
  author = {Chess StackExchange},
  title = {{What is the average length of a game of chess?}},
  howpublished = "\url{https://chess.stackexchange.com/questions/2506/what-is-the-average-length-of-a-game-of-chess}",
  year = {2017}, 
  note = "[Online; Megtekintve: 2018 szeptember 30.]"
}
@misc{averageLengthOfChessGame2,
  author = {Quora},
  title = {{What is the average length of a game of chess?}},
  howpublished = "\url{https://www.quora.com/What-is-the-average-number-of-moves-in-a-chess-game}",
  year = {2017}, 
  note = "[Online; Megtekintve: 2018 szeptember 30.]"
}
@misc{chessStatistics,
  author = {Buğra Fırat ("ebemunk")},
  title = {{A Visual Look at 2 Million Chess Games}},
  howpublished = "\url{https://blog.ebemunk.com/a-visual-look-at-2-million-chess-games/}",
  year = {2016}, 
  note = "[Online; Megtekintve: 2018 szeptember 30.]"
}
@misc{swaggerHomepage,
  author = {Various},
  title = {{Swagger Homepage (swagger.io)}},
  howpublished = "\url{https://swagger.io/}",
  year = {2018}, 
  note = "[Online; Megtekintve: 2018 szeptember 30.]"
}
@misc{diffBetween401And403,
  author = {StackOverflow},
  title = {{403 Forbidden vs 401 Unauthorized HTTP responses}},
  howpublished = "\url{https://stackoverflow.com/questions/3297048/403-forbidden-vs-401-unauthorized-http-responses}",
  year = {2017}, 
  note = "[Online; Megtekintve: 2018 szeptember 30.]"
}
@misc{SOLID,
  author = {Wikipedia},
  title = {{SOLID}},
  howpublished = "\url{https://en.wikipedia.org/wiki/SOLID}",
  year = {2017}, 
  note = "[Online; Megtekintve: 2018 szeptember 30.]"
}
@misc{SingleResponsibilityEn,
  author = {Wikipedia},
  title = {{Single responsibility principle}},
  howpublished = "\url{https://en.wikipedia.org/wiki/Single_responsibility_principle}",
  year = {2017}, 
  note = "[Online; Megtekintve: 2018 szeptember 30.]"
}
@misc{SingleResponsibilityHu,
  author = {Wikipedia},
  title = {{Egy felelősség alapelve}},
  howpublished = "\url{https://hu.wikipedia.org/wiki/Egy_felel%C5%91ss%C3%A9g_alapelve}",
  year = {2017}, 
  note = "[Online; Megtekintve: 2018 szeptember 30.]"
}
@misc{MechanicalTurkEn,
	author = {Wikipedia},
	title = {{The Turk (Automaton Chess Player)}},
	howpublished = "\url{https://en.wikipedia.org/wiki/The_Turk}",
	year = {2018}, 
	note = "[Online; Megtekintve: 2018 október 20.]"
}
@misc{MechanicalTurkHu,
	author = {Wikipedia},
	title = {{A Török (sakkozógép)}},
	howpublished = "\url{https://hu.wikipedia.org/wiki/A_T%C3%B6r%C3%B6k}",
	year = {2018}, 
	note = "[Online; Megtekintve: 2018 október 20.]"
}
@misc{HistoryOfChessEn,
	author = {Wikipedia},
	title = {{History of chess}},
	howpublished = "\url{https://en.wikipedia.org/wiki/History_of_chess}",
	year = {2018}, 
	note = "[Online; Megtekintve: 2018 október 20.]"
}
@misc{HistoryOfChessHu,
	author = {Wikipedia},
	title = {{A sakk története}},
	howpublished = "\url{https://hu.wikipedia.org/wiki/A_sakk_t%C3%B6rt%C3%A9nete}",
	year = {2018}, 
	note = "[Online; Megtekintve: 2018 október 20.]"
}

@misc{ChessMateEn,
	author = {Wikipedia},
	title = {{Checkmate}},
	howpublished = "\url{https://en.wikipedia.org/wiki/Checkmate}",
	year = {2018}, 
	note = "[Online; Megtekintve: 2018 október 20.]"
}
@misc{ChessMateHu,
	author = {Wikipedia},
	title = {{Sakk-matt}},
	howpublished = "\url{https://hu.wikipedia.org/wiki/Sakk-matt}",
	year = {2018}, 
	note = "[Online; Megtekintve: 2018 október 20.]"
}
@misc{DeepBlueEn,
	author = {Wikipedia},
	title = {{Deep Blue (magyar)}},
	howpublished = "\url{https://hu.wikipedia.org/wiki/Deep_Blue}",
	year = {2018}, 
	note = "[Online; Megtekintve: 2018 október 21.]"
}
@misc{DeepBlueHu,
	author = {Wikipedia},
	title = {{Deep Blue (chess computer)}},
	howpublished = "\url{https://en.wikipedia.org/wiki/Deep_Blue_(chess_computer)}",
	year = {2018}, 
	note = "[Online; Megtekintve: 2018 október 21.]"
}
@misc{KaissaEn,
	author = {Wikipedia},
	title = {{Kaissa}},
	howpublished = "\url{https://en.wikipedia.org/wiki/Kaissa}",
	year = {2018}, 
	note = "[Online; Megtekintve: 2018 október 21.]"
}
@misc{chessProgramsHu,
	author = {Wikipedia},
	title = {{Sakk - Számítógépes sakkprogramok}},
	howpublished = "\url{https://hu.wikipedia.org/wiki/Sakk#Sz%C3%A1m%C3%ADt%C3%B3g%C3%A9pes_sakkprogramok}",
	year = {2018}, 
	note = "[Online; Megtekintve: 2018 október 21.]"
}




